<?xml version="1.0" encoding="UTF-8"?><collection xmlns="http://www.loc.gov/MARC21/slim"><record><leader>00303nam--2200121-i-4500</leader><controlfield tag="001">000022191</controlfield><controlfield tag="002">20161230</controlfield><controlfield tag="005">20161230201034</controlfield><controlfield tag="008">060222s1000------------r-----000-0-eng-d</controlfield><datafield ind1=" " ind2=" " tag="245"><subfield code="a">Xth international astronautical congress</subfield></datafield><datafield ind1=" " ind2=" " tag="260"><subfield code="a">Wien, Springer Verlag, 1960, 946p</subfield></datafield><datafield ind1=" " ind2=" " tag="700"><subfield code="a">F. Hecht</subfield></datafield><datafield ind1=" " ind2=" " tag="852"><subfield code="a">18771</subfield></datafield></record></collection>